<record><leader>00000cas a22000007a 4500</leader><controlfield tag="001">43689380</controlfield><controlfield tag="008">000322d19381938orumr ne      0    0eng d</controlfield><datafield ind1=" " ind2=" " tag="010"><subfield code="a">sn 00064680 </subfield></datafield><datafield ind1=" " ind2=" " tag="040"><subfield code="a">NVK</subfield><subfield code="b">eng</subfield><subfield code="c">NVK</subfield><subfield code="d">OCLCF</subfield><subfield code="d">OCLCO</subfield><subfield code="d">OCLCA</subfield></datafield><datafield ind1="1" ind2=" " tag="029"><subfield code="a">AU@</subfield><subfield code="b">000021431303</subfield></datafield><datafield ind1=" " ind2=" " tag="042"><subfield code="a">msc</subfield></datafield><datafield ind1=" " ind2=" " tag="043"><subfield code="a">n-us-or</subfield></datafield><datafield ind1="0" ind2="0" tag="245"><subfield code="a">Dixie duffel bag.</subfield></datafield><datafield ind1=" " ind2=" " tag="260"><subfield code="a">Grants Pass, Or.:</subfield><subfield code="b">C.C.C. Co. 5484,</subfield><subfield code="c">1938-</subfield></datafield><datafield ind1=" " ind2=" " tag="300"><subfield code="a">v.</subfield></datafield><datafield ind1=" " ind2=" " tag="310"><subfield code="a">Monthly</subfield></datafield><datafield ind1="0" ind2=" " tag="362"><subfield code="a">Vol. 2, no. 1 (Jan. 1938)-</subfield></datafield><datafield ind1="1" ind2=" " tag="362"><subfield code="a">Ceased in 1938.</subfield><subfield code="z">Cf. Rudeen, M. C.C.C. Camp Papers.</subfield></datafield><datafield ind1=" " ind2=" " tag="500"><subfield code="a">Camp Rand, F-75.</subfield></datafield><datafield ind1=" " ind2=" " tag="500"><subfield code="a">Company 5484 moved from Fork Union, Va. to Grants Pass, Oregon in 1937.</subfield></datafield><datafield ind1=" " ind2=" " tag="515"><subfield code="a">Vol. 2, no. 1 (Jan. 1938) appears to be misnumbered.</subfield></datafield><datafield ind1=" " ind2=" " tag="530"><subfield code="a">Available on microfiche from the Center for Research Libraries.</subfield></datafield><datafield ind1=" " ind2=" " tag="580"><subfield code="a">C.C.C. Co. 5484 previously published: The Ragweed news.</subfield></datafield><datafield ind1=" " ind2=" " tag="580"><subfield code="a">C.C.C. Co. 5484 later published: The Diamond Lake courier.</subfield></datafield><datafield ind1="2" ind2="0" tag="610"><subfield code="a">Civilian Conservation Corps (U.S.)</subfield><subfield code="v">Newspapers.</subfield></datafield><datafield ind1=" " ind2="0" tag="651"><subfield code="a">Grants Pass (Or.)</subfield><subfield code="v">Newspapers.</subfield></datafield><datafield ind1=" " ind2="7" tag="655"><subfield code="a">Newspapers.</subfield><subfield code="2">fast</subfield><subfield code="0">(OCoLC)fst01423814</subfield></datafield><datafield ind1="2" ind2="7" tag="610"><subfield code="a">Civilian Conservation Corps (U.S.)</subfield><subfield code="2">fast</subfield><subfield code="0">(OCoLC)fst00536299</subfield></datafield><datafield ind1=" " ind2="7" tag="651"><subfield code="a">Oregon</subfield><subfield code="z">Grants Pass.</subfield><subfield code="2">fast</subfield><subfield code="0">(OCoLC)fst01213784</subfield></datafield><datafield ind1="2" ind2=" " tag="710"><subfield code="a">Civilian Conservation Corps (U.S.).</subfield><subfield code="b">Company 5484 (Grants Pass, Or.)</subfield></datafield><datafield ind1=" " ind2=" " tag="752"><subfield code="a">United States</subfield><subfield code="b">Oregon</subfield><subfield code="c">Josephine</subfield><subfield code="d">Grants Pass.</subfield></datafield><datafield ind1="1" ind2=" " tag="787"><subfield code="t">Ragweed news</subfield><subfield code="w">(DLC) sn 94060177</subfield></datafield><datafield ind1="1" ind2=" " tag="787"><subfield code="t">Diamond Lake courier</subfield><subfield code="w">(DLC) sn 00064685</subfield></datafield><datafield ind1=" " ind2=" " tag="936"><subfield code="a">Vol. 2, no. 1 (January 1938) LIC</subfield></datafield></record>